% Encoding: UTF-8

@Article{DeiBenbockPizka05,
  author  = {Florian DeiBenbock and Markus Pizka},
  title   = {{C}oncise and {C}onsistent {N}aming},
  journal = {Proceedings of the 13th International Workshop on Program Comprehension},
  year    = {2005},
}

@Article{LawrieFeildBinkley06,
  author  = {Dawn Lawrie and Henry Feild and David Binkley},
  title   = {{S}yntactic {I}dentifier {C}onciseness and {C}onsistency},
  journal = {Proceedings of the 6th IEEE International Workshop on Source Code Analysis and Manipulation (SCAM'06)},
  year    = {2006},
}

@Article{HillBinkleyLawrie14,
  author  = {Emily Hill and David Binkley and Dawn Lawrie and Lori Pollock and K. Vijay-Shanker},
  title   = {{A}n {E}mpirical {S}tudy of {I}dentifier {S}plitting {T}echniques},
  journal = {Empirical Software Engineering},
  year    = {2014},
}

@Article{EnslenHillPollock09,
  author  = {Eric Enslen and Emily Hill and Lori Pollock and Vijay-Shanker K.},
  title   = {{M}ining {S}ource {C}ode to {A}utomatically {S}plit {I}dentifiers for {S}oftware {A}nalysis},
  journal = {Proceedings of the 6th IEEE International Working Conference on Mining Software Repositories},
  year    = {2009},
}

@Comment{jabref-meta: databaseType:bibtex;}
